@inproceedings{hdd,
  title={HDD: hierarchical delta debugging},
  author={Misherghi, Ghassan and Su, Zhendong},
  booktitle={Proceedings of the 28th international conference on Software engineering},
  pages={142--151},
  year={2006},
  organization={ACM}
}